@article{Kitano2017,
author = {Kitano, Kazuya and Okamoto, Takanori and Tanaka, Kenichiro and Aoto, Takahito and Kubo, Hiroyuki and Funatomi, Takuya and Mukaigawa, Yasuhiro},
year = {2017},
month = {12},
pages = {},
title = {Recovering temporal PSF using ToF camera with delayed light emission},
volume = {9},
journal = {IPSJ Transactions on Computer Vision and Applications},
doi = {10.1186/s41074-017-0026-3}
}

@InProceedings{Suwajanakorn_2015_CVPR,
author = {Suwajanakorn, Supasorn and Hernandez, Carlos and Seitz, Steven M.},
title = {Depth From Focus With Your Mobile Phone},
booktitle = {The IEEE Conference on Computer Vision and Pattern Recognition (CVPR)},
month = {June},
year = {2015}
} 